
% Journals

% First the Full Name is given, then the abbreviation used in the AMS Math
% Reviews, with an indication if it could not be found there.
% Note the 2nd overwrites the 1st, so swap them if you want the full name.

 %{AMS}
 @String{AMSTrans = "American Mathematical Society Translations" }
 @String{AMSTrans = "Amer. Math. Soc. Transl." }
 @String{BullAMS = "Bulletin of the American Mathematical Society" }
 @String{BullAMS = "Bull. Amer. Math. Soc." }
 @String{ProcAMS = "Proceedings of the American Mathematical Society" }
 @String{ProcAMS = "Proc. Amer. Math. Soc." }
 @String{TransAMS = "Transactions of the American Mathematical Society" }
 @String{TransAMS = "Trans. Amer. Math. Soc." }

 %ACM
 @String{CACM = "Communications of the {ACM}" }
 @String{CACM = "Commun. {ACM}" }
 @String{CompServ = "Comput. Surveys" }
 @String{JACM = "J. ACM" }
 @String{ACMMathSoft = "{ACM} Transactions on Mathematical Software" }
 @String{ACMMathSoft = "{ACM} Trans. Math. Software" }
 @String{SIGNUM = "{ACM} {SIGNUM} Newsletter" }
 @String{SIGNUM = "{ACM} {SIGNUM} Newslett." }

 @String{AmerSocio = "American Journal of Sociology" }
 @String{AmerStatAssoc = "Journal of the American Statistical Association" }
 @String{AmerStatAssoc = "J. Amer. Statist. Assoc." }
 @String{ApplMathComp = "Applied Mathematics and Computation" }
 @String{ApplMathComp = "Appl. Math. Comput." }
 @String{AmerMathMonthly = "American Mathematical Monthly" }
 @String{AmerMathMonthly = "Amer. Math. Monthly" }
 @String{BIT = "{BIT}" }
 @String{BritStatPsych = "British Journal of Mathematical and Statistical
          Psychology" }
 @String{BritStatPsych = "Brit. J. Math. Statist. Psych." }
 @String{CanMathBull = "Canadian Mathematical Bulletin" }
 @String{CanMathBull = "Canad. Math. Bull." }
 @String{CompApplMath = "Journal of Computational and Applied Mathematics" }
 @String{CompApplMath = "J. Comput. Appl. Math." }
 @String{CompPhys = "Journal of Computational Physics" }
 @String{CompPhys = "J. Comput. Phys." }
 @String{CompStruct = "Computers and Structures" }
 @String{CompStruct = "Comput. \& Structures" }
 @String{CompJour = "The Computer Journal" }
 @String{CompJour = "Comput. J." }
 @String{CompSysSci = "Journal of Computer and System Sciences" }
 @String{CompSysSci = "J. Comput. System Sci." }
 @String{Computing = "Computing" }
 @String{ContempMath = "Contemporary Mathematics" }
 @String{ContempMath = "Contemp. Math." }
 @String{Crelle = "Crelle's Journal" }
 @String{GiornaleMath = "Giornale di Mathematiche" }
 @String{GiornaleMath = "Giorn. Mat." } % didn't find in AMS MR., ibid.

 %IEEE
 @String{Computer = "{IEEE} Computer" }
 @String{IEEETransComp = "{IEEE} Transactions on Computers" }
 @String{IEEETransComp = "{IEEE} Trans. Comput." }
 @String{IEEETransAC = "{IEEE} Transactions on Automatic Control" }
 @String{IEEETransAC = "{IEEE} Trans. Automat. Control" }
 @String{IEEESpec = "{IEEE} Spectrum" } % didn't find in AMS MR
 @String{ProcIEEE = "Proceedings of the {IEEE}" }
 @String{ProcIEEE = "Proc. {IEEE}" } % didn't find in AMS MR
 @String{IEEETransAeroElec = "{IEEE} Transactions on Aerospace and Electronic
     Systems" }
 @String{IEEETransAeroElec = "{IEEE} Trans. Aerospace Electron. Systems" }

 @String{IMANumerAna = "{IMA} Journal of Numerical Analysis" }
 @String{IMANumerAna = "{IMA} J. Numer. Anal." }
 @String{InfProcLet = "Information Processing Letters" }
 @String{InfProcLet = "Inform. Process. Lett." }
 @String{InstMathApp = "Journal of the Institute of Mathematics and
     its Applications" }
 @String{InstMathApp = "J. Inst. Math. Appl." }
 @String{IntControl = "International Journal of Control" }
 @String{IntControl = "Internat. J. Control" }
 @String{IntNumerEng = "International Journal for Numerical Methods in
     Engineering" }
 @String{IntNumerEng = "Internat. J. Numer. Methods Engrg." }
 @String{IntSuper = "International Journal of Supercomputing Applications" }
 @String{IntSuper = "Internat. J. Supercomputing Applic." } % didn't find
%% in AMS MR
 @String{Kibernetika = "Kibernetika" }
 @String{JResNatBurStand = "Journal of Research of the National Bureau
     of Standards" }
 @String{JResNatBurStand = "J. Res. Nat. Bur. Standards" }
 @String{LinAlgApp = "Linear Algebra and its Applications" }
 @String{LinAlgApp = "Linear Algebra Appl." }
 @String{MathAnaAppl = "Journal of Mathematical Analysis and Applications" }
 @String{MathAnaAppl = "J. Math. Anal. Appl." }
 @String{MathAnnalen = "Mathematische Annalen" }
 @String{MathAnnalen = "Math. Ann." }
 @String{MathPhys = "Journal of Mathematical Physics" }
 @String{MathPhys = "J. Math. Phys." }
 @String{MathComp = "Mathematics of Computation" }
 @String{MathComp = "Math. Comp." }
 @String{MathScand = "Mathematica Scandinavica" }
 @String{MathScand = "Math. Scand." }
 @String{TablesAidsComp = "Mathematical Tables and Other Aids to Computation" }
 @String{TablesAidsComp = "Math. Tables Aids Comput." }
 @String{NumerMath = "Numerische Mathematik" }
 @String{NumerMath = "Numer. Math." }
 @String{PacificMath = "Pacific Journal of Mathematics" }
 @String{PacificMath = "Pacific J. Math." }
 @String{ParDistComp = "Journal of Parallel and Distributed Computing" }
 @String{ParDistComp = "J. Parallel and Distrib. Comput." } % didn't find
%% in AMS MR
 @String{ParComputing = "Parallel Computing" }
 @String{ParComputing = "Parallel Comput." }
 @String{PhilMag = "Philosophical Magazine" }
 @String{PhilMag = "Philos. Mag." }
 @String{ProcNAS = "Proceedings of the National Academy of Sciences
                    of the USA" }
 @String{ProcNAS = "Proc. Nat. Acad. Sci. U. S. A." }
 @String{Psychometrika = "Psychometrika" }
 @String{QuartMath = "Quarterly Journal of Mathematics, Oxford, Series (2)" }
 @String{QuartMath = "Quart. J. Math. Oxford Ser. (2)" }
 @String{QuartApplMath = "Quarterly of Applied Mathematics" }
 @String{QuartApplMath = "Quart. Appl. Math." }
 @String{RevueInstStat = "Review of the International Statisical Institute" }
 @String{RevueInstStat = "Rev. Inst. Internat. Statist." }

 %SIAM
 @String{JSIAM = "Journal of the Society for Industrial and Applied
     Mathematics" }
 @String{JSIAM = "J. Soc. Indust. Appl. Math." }
 @String{JSIAMB = "Journal of the Society for Industrial and Applied
     Mathematics, Series B, Numerical Analysis" }
 @String{JSIAMB = "J. Soc. Indust. Appl. Math. Ser. B Numer. Anal." }
 @String{SIAMAlgMeth = "{SIAM} Journal on Algebraic and Discrete Methods" }
 @String{SIAMAlgMeth = "{SIAM} J. Algebraic Discrete Methods" }
 @String{SIAMAppMath = "{SIAM} Journal on Applied Mathematics" }
 @String{SIAMAppMath = "{SIAM} J. Appl. Math." }
 @String{SIAMComp = "{SIAM} Journal on Computing" }
 @String{SIAMComp = "{SIAM} J. Comput." }
 @String{SIAMMatrix = "{SIAM} Journal on Matrix Analysis and Applications" }
 @String{SIAMMatrix = "{SIAM} J. Matrix Anal. Appl." }
 @String{SIAMNumAnal = "{SIAM} Journal on Numerical Analysis" }
 @String{SIAMNumAnal = "{SIAM} J. Numer. Anal." }
 @String{SIAMReview = "{SIAM} Review" }
 @String{SIAMReview = "{SIAM} Rev." }
 @String{SIAMSciStat = "{SIAM} Journal on Scientific and Statistical
     Computing" }
 @String{SIAMSciStat = "{SIAM} J. Sci. Statist. Comput." }

 @String{SoftPracExp = "Software Practice and Experience" }
 @String{SoftPracExp = "Software Prac. Experience" } % didn't find in AMS MR
 @String{StatScience = "Statistical Science" }
 @String{StatScience = "Statist. Sci." }
 @String{Techno = "Technometrics" }
 @String{USSRCompMathPhys = "{USSR} Computational Mathematics and Mathematical
     Physics" }
 @String{USSRCompMathPhys = "{U. S. S. R.} Comput. Math. and Math. Phys." }
 @String{VLSICompSys = "Journal of {VLSI} and Computer Systems" }
 @String{VLSICompSys = "J. {VLSI} Comput. Syst." }
 @String{ZAngewMathMech = "Zeitschrift fur Angewandte Mathematik und
     Mechanik" }
 @String{ZAngewMathMech = "Z. Angew. Math. Mech." }
 @String{ZAngewMathPhys = "Zeitschrift fur Angewandte Mathematik und Physik" }
 @String{ZAngewMathPhys = "Z. Angew. Math. Phys." }

% Publishers % ================================================= |

 @String{Academic = "Academic Press" }
 @String{ACMPress = "{ACM} Press" }
 @String{AdamHilger = "Adam Hilger" }
 @String{AddisonWesley = "Addison-Wesley" }
 @String{AllynBacon = "Allyn and Bacon" }
 @String{AMS = "American Mathematical Society" }
 @String{Birkhauser = "Birkha{\"u}ser" }
 @String{CambridgePress = "Cambridge University Press" }
 @String{Chelsea = "Chelsea" }
 @String{ClaredonPress = "Claredon Press" }
 @String{DoverPub = "Dover Publications" }
 @String{Eyolles = "Eyolles" }
 @String{HoltRinehartWinston = "Holt, Rinehart and Winston" }
 @String{Interscience = "Interscience" }
 @String{JohnsHopkinsPress = "The Johns Hopkins University Press" }
 @String{JohnWileySons = "John Wiley and Sons" }
 @String{Macmillan = "Macmillan" }
 @String{MathWorks = "The Math Works Inc." }
 @String{McGrawHill = "McGraw-Hill" }
 @String{NatBurStd = "National Bureau of Standards" }
 @String{NorthHolland = "North-Holland" }
 @String{OxfordPress = "Oxford University Press" }  %address Oxford or London?
 @String{PergamonPress = "Pergamon Press" }
 @String{PlenumPress = "Plenum Press" }
 @String{PrenticeHall = "Prentice-Hall" }
 @String{SIAMPub = "{SIAM} Publications" }
 @String{Springer = "Springer-Verlag" }
 @String{TexasPress = "University of Texas Press" }
 @String{VanNostrand = "Van Nostrand" }
 @String{WHFreeman = "W. H. Freeman and Co." }

%Entries

@ARTICLE{8440037, 
	author={M. {Hadwiger} and M. {Mlejnek} and T. {Theußl} and P. {Rautek}}, journal={IEEE Transactions on Visualization and Computer Graphics}, title={Time-Dependent Flow seen through Approximate Observer Killing Fields}, year={2019}, 
	volume={25}, 
	number={1}, 
	pages={1257-1266},}

@article{raschkas_2018_mlxtend,
  author       = {Sebastian Raschka},
  title        = {MLxtend: Providing machine learning and data science 
                  utilities and extensions to Python’s  
                  scientific computing stack},
  journal      = {The Journal of Open Source Software},
  volume       = {3},
  number       = {24},
  month        = apr,
  year         = 2018,
  publisher    = {The Open Journal},
  doi          = {10.21105/joss.00638},
  url          = {http://joss.theoj.org/papers/10.21105/joss.00638}
}

@article{hunter2007matplotlib,
  title={Matplotlib: A 2D graphics environment},
  author={Hunter, John D},
  journal={Computing in science \& engineering},
  volume={9},
  number={3},
  pages={90--95},
  year={2007},
  publisher={IEEE Computer Society}
}

  @Manual{Python,
    title = {Python: A dynamic, open source programming language},
    author = {{Python Core Team}},
    organization = {Python Software Foundation},
    address = {Vienna, Austria},
    year = {2020},
    url = {https://www.python.org/},
  }
  
  @article{scikit-learn,
 title={Scikit-learn: Machine Learning in {P}ython},
 author={Pedregosa, F. and Varoquaux, G. and Gramfort, A. and Michel, V.
         and Thirion, B. and Grisel, O. and Blondel, M. and Prettenhofer, P.
         and Weiss, R. and Dubourg, V. and Vanderplas, J. and Passos, A. and
         Cournapeau, D. and Brucher, M. and Perrot, M. and Duchesnay, E.},
 journal={Journal of Machine Learning Research},
 volume={12},
 pages={2825--2830},
 year={2011}
}

@inproceedings{sklearn_api,
  author    = {Lars Buitinck and Gilles Louppe and Mathieu Blondel and
               Fabian Pedregosa and Andreas Mueller and Olivier Grisel and
               Vlad Niculae and Peter Prettenhofer and Alexandre Gramfort
               and Jaques Grobler and Robert Layton and Jake VanderPlas and
               Arnaud Joly and Brian Holt and Ga{\"{e}}l Varoquaux},
  title     = {{API} design for machine learning software: experiences from the scikit-learn
               project},
  booktitle = {ECML PKDD Workshop: Languages for Data Mining and Machine Learning},
  year      = {2013},
  pages = {108--122},
}

@book{tan2016introduction,
  title={Introduction to data mining},
  author={Tan, Pang-Ning and Steinbach, Michael and Kumar, Vipin},
  year={2016},
  publisher={Pearson Education India}
}

@book{han2011data,
  title={Data mining: concepts and techniques},
  author={Han, Jiawei and Pei, Jian and Kamber, Micheline},
  year={2011},
  publisher={Elsevier}
}

@book{geron2019hands,
  title={Hands-On Machine Learning with Scikit-Learn, Keras, and TensorFlow: Concepts, Tools, and Techniques to Build Intelligent Systems},
  author={G{\'e}ron, Aur{\'e}lien},
  year={2019},
  publisher={O'Reilly Media}
}

@inproceedings{agrawal1994fast,
  title={Fast algorithms for mining association rules},
  author={Agrawal, Rakesh and Srikant, Ramakrishnan and others},
  booktitle={Proc. 20th int. conf. very large data bases, VLDB},
  volume={1215},
  pages={487--499},
  year={1994}
}

@inproceedings{jingjingslides,
  title={jingjingslides slides},
  author={jingjingslides},
  booktitle={Slide titles},
  year={2020}
}

@inproceedings{agrawal1993mining,
	title={Mining association rules between sets of items in large databases},
	author={Agrawal, Rakesh and Imieli{\'n}ski, Tomasz and Swami, Arun},
	booktitle={Proceedings of the 1993 ACM SIGMOD international conference on Management of data},
	pages={207--216},
	year={1993}
}

@book{16,
	title={The geometry of physics: an introduction},
	author={Frankel, Theodore},
	year={2011},
	publisher={Cambridge university press}
}

@inproceedings{19,
	title={The state of the art in vortex extraction},
	author={G{\"u}nther, Tobias and Theisel, Holger},
	booktitle={Computer Graphics Forum},
	volume={37},
	number={6},
	pages={149--173},
	year={2018},
	organization={Wiley Online Library}
}

@incollection{29,
	title={Smooth manifolds},
	author={Lee, John M},
	booktitle={Introduction to Smooth Manifolds},
	pages={1--31},
	year={2013},
	publisher={Springer}
}

@book{32,
	title={Mathematical foundations of elasticity},
	author={Marsden, Jerrold E and Hughes, Thomas JR},
	year={1994},
	publisher={Courier Corporation}
}

@article{17,
	title={Generic objective vortices for flow visualization},
	author={G{\"u}nther, Tobias and Gross, Markus and Theisel, Holger},
	journal={ACM Transactions on Graphics (TOG)},
	volume={36},
	number={4},
	pages={1--11},
	year={2017},
	publisher={ACM New York, NY, USA}
}

@article{22,
	title={Nonlinear solid mechanics: A Continuum Approachfor
	Engineering},
	author={Holzapfel, A Gerhard},
	year={2000},
	publisher={John Wiley \& Sons, Inc.}
}

@book{35,
	title={Non-linear elastic deformations},
	author={Ogden, Raymond W},
	year={1997},
	publisher={Courier Corporation}
}

@incollection{46,
	title={The non-linear field theories of mechanics},
	author={Truesdell, Clifford and Noll, Walter},
	booktitle={The non-linear field theories of mechanics},
	pages={1--579},
	year={2004},
	publisher={Springer}
}

@article{20,
	title={An objective definition of a vortex},
	author={Haller, George},
	journal={Journal of fluid mechanics},
	volume={525},
	pages={1--26},
	year={2005},
	publisher={Cambridge University Press}
}

@article{50,
	title={Cores of swirling particle motion in unsteady flows},
	author={Weinkauf, Tino and Sahner, Jan and Theisel, Holger and Hege, Hans-Christian},
	journal={IEEE Transactions on Visualization and Computer Graphics},
	volume={13},
	number={6},
	pages={1759--1766},
	year={2007},
	publisher={IEEE}
}

@inproceedings{10,
	title={Topology-inspired Galilean invariant vector field analysis},
	author={Bujack, Roxana and Hlawitschka, Mario and Joy, Kenneth I},
	booktitle={2016 IEEE Pacific Visualization Symposium (PacificVis)},
	pages={72--79},
	year={2016},
	organization={IEEE}
}

@article{7,
	title={The Helmholtz-Hodge decomposition—a survey},
	author={Bhatia, Harsh and Norgard, Gregory and Pascucci, Valerio and Bremer, Peer-Timo},
	journal={IEEE Transactions on visualization and computer graphics},
	volume={19},
	number={8},
	pages={1386--1404},
	year={2012},
	publisher={IEEE}
}

@article{8,
	title={The natural Helmholtz-Hodge decomposition for open-boundary flow analysis},
	author={Bhatia, Harsh and Pascucci, Valerio and Bremer, Peer-Timo},
	journal={IEEE transactions on visualization and computer graphics},
	volume={20},
	number={11},
	pages={1566--1578},
	year={2014},
	publisher={IEEE}
}

@inproceedings{9,
	title={Extracting features from time-dependent vector fields using internal reference frames},
	author={Bhatia, Harsh and Pascucci, Valerio and Kirby, Robert M and Bremer, P-T},
	booktitle={Computer graphics forum},
	volume={33},
	number={3},
	pages={21--30},
	year={2014},
	organization={Wiley Online Library}
}

@inproceedings{44,
	title={Identification of swirling flow in 3-D vector fields},
	author={Sujudi, David and Haimes, Robert},
	booktitle={12th Computational Fluid Dynamics Conference},
	pages={1715},
	year={1995}
}

@article{21,
	title={Defining coherent vortices objectively from the vorticity},
	author={Haller, George and Hadjighasem, Alireza and Farazmand, Mohammad and Huhn, Florian},
	journal={Journal of Fluid Mechanics},
	volume={795},
	pages={136--173},
	year={2016},
	publisher={Cambridge University Press}
}

@article{18,
	title={Rotation invariant vortices for flow visualization},
	author={G{\"u}nther, Tobias and Schulze, Maik and Theisel, Holger},
	journal={IEEE transactions on visualization and computer graphics},
	volume={22},
	number={1},
	pages={817--826},
	year={2015},
	publisher={IEEE}
}

@inproceedings{33,
	title={Generalized metric energies for continuous shape deformation},
	author={Esturo, Janick Martinez and R{\"o}ssl, Christian and Theisel, Holger},
	booktitle={International Conference on Mathematical Methods for Curves and Surfaces},
	pages={135--157},
	year={2012},
	organization={Springer}
}

@incollection{28,
	title={Geometric modeling in shape space},
	author={Kilian, Martin and Mitra, Niloy J and Pottmann, Helmut},
	booktitle={ACM SIGGRAPH 2007 papers},
	pages={64--72},
	year={2007}
}

@inproceedings{43,
	title={As-killing-as-possible vector fields for planar deformation},
	author={Solomon, Justin and Ben-Chen, Mirela and Butscher, Adrian and Guibas, Leonidas},
	booktitle={Computer Graphics Forum},
	volume={30},
	number={5},
	pages={1543--1552},
	year={2011},
	organization={Wiley Online Library}
}

@inproceedings{6,
	title={On discrete killing vector fields and patterns on surfaces},
	author={Ben-Chen, Mirela and Butscher, Adrian and Solomon, Justin and Guibas, Leonidas},
	booktitle={Computer Graphics Forum},
	volume={29},
	number={5},
	pages={1701--1711},
	year={2010},
	organization={Wiley Online Library}
}

@inproceedings{3,
	title={An operator approach to tangent vector field processing},
	author={Azencot, Omri and Ben-Chen, Mirela and Chazal, Fr{\'e}d{\'e}ric and Ovsjanikov, Maks},
	booktitle={Computer Graphics Forum},
	volume={32},
	number={5},
	pages={73--82},
	year={2013},
	organization={Wiley Online Library}
}

@article{4,
	title={Discrete derivatives of vector fields on surfaces--an operator approach},
	author={Azencot, Omri and Ovsjanikov, Maks and Chazal, Fr{\'e}d{\'e}ric and Ben-Chen, Mirela},
	journal={ACM Transactions on Graphics (TOG)},
	volume={34},
	number={3},
	pages={1--13},
	year={2015},
	publisher={ACM New York, NY, USA}
}

@inproceedings{14,
	title={Discrete 2-tensor fields on triangulations},
	author={de Goes, Fernando and Liu, Beibei and Budninskiy, Max and Tong, Yiying and Desbrun, Mathieu},
	booktitle={Computer Graphics Forum},
	volume={33},
	number={5},
	pages={13--24},
	year={2014},
	organization={Wiley Online Library}
}

@inproceedings{13,
	title={Reconstruction of missing cells by a killing energy minimizing nonrigid image registration},
	author={Chan, Ken YK and Wan, Justin WL},
	booktitle={2013 35th Annual International Conference of the IEEE Engineering in Medicine and Biology Society (EMBC)},
	pages={3000--3003},
	year={2013},
	organization={IEEE}
}

@phdthesis{40,
	title={A dynamical systems approach to unsteady systems},
	author={Shadden, Shawn Christopher},
	year={2006},
	school={California Institute of Technology}
}

@article{papertitle,
	title={Time-dependent flow seen through approximate observer killing fields},
	author={Hadwiger, Markus and Mlejnek, Matej and Theu{\ss}l, Thomas and Rautek, Peter},
	journal={IEEE transactions on visualization and computer graphics},
	volume={25},
	number={1},
	pages={1257--1266},
	year={2018},
	publisher={IEEE}
}

@book{25,
	title={An introduction to tensors and group theory for physicists},
	author={Jeevanjee, Nadir},
	year={2011},
	publisher={Springer}
}